@article{olshausen1993neurobiological,
  title={A neurobiological model of visual attention and invariant pattern recognition based on dynamic routing of information},
  author={Olshausen, Bruno A and Anderson, Charles H and Van Essen, David C},
  journal={Journal of Neuroscience},
  volume={13},
  number={11},
  pages={4700--4719},
  year={1993},
  publisher={Soc Neuroscience}
}
@article{olshausen1996emergence,
  title={Emergence of simple-cell receptive field properties by learning a sparse code for natural images},
  author={Olshausen, Bruno A and Field, David J},
  journal={Nature},
  volume={381},
  number={6583},
  pages={607--609},
  year={1996}
}
@article{olshausen1996learning,
  title={Learning linear, sparse, factorial codes},
  author={Olshausen, Bruno A},
  journal={AI Memo 1580},
  year={1996},
  publisher={Massachusetts Institute of Technology}
}
@article{olshausen1996sparse,
  title={Sparse coding of natural images produces localized, oriented, bandpass receptive fields},
  author={Olshausen, Bruno A and Field, David J},
  journal={Nature},
  volume={381},
  number={60},
  pages={609},
  year={1996}
}
@article{olshausen1997sparse,
   title={Sparse coding with an overcomplete basis set: A strategy employed by V1?},
   author={Olshausen, Bruno A and Field, David J},
   journal={Vision research},
   volume={37},
   number={23},
   pages={3311--3325},
   year={1997},
   publisher={Elsevier}
}
@article{olshausen1999probabilistic,
  author={Olshausen, B A and Lewicki, M S},
  title={Probabilistic framework for the adaptation and comparison of image codes},
  journal={JOSA A},
  year={1999},
  volume={16},
  number={7},
  pages={1587--1601},
  month=Jul
}
@inproceedings{olshausen2003learning,
  title={Learning sparse, overcomplete representations of time-varying natural images},
  author={Olshausen, Bruno A},
  booktitle={Image Processing, 2003. ICIP 2003. Proceedings. 2003 International Conference on},
  volume={1},
  pages={I--41},
  year={2003},
  organization={IEEE}
}
@article{olshausen2003principles,
  title={Principles of image representation in visual cortex},
  author={Olshausen, Bruno A},
  journal={The visual neurosciences},
  volume={2},
  pages={1603--1615},
  year={2003},
  publisher={MIT Press Cambridge, MA}
}
@article{olshausen2010does,
  title={Does the brain de-jitter retinal images?},
  author={Olshausen, Bruno A and Anderson, Charles H},
  journal={Proceedings of the National Academy of Sciences},
  volume={107},
  number={46},
  pages={19607--19608},
  year={2010},
  publisher={National Academy of Sciences}
}
@incollection{olshausen201320,
  title={20 years of learning about vision: Questions answered, questions unanswered, and questions not yet asked},
  author={Olshausen, Bruno A},
  booktitle={20 Years of Computational Neuroscience},
  pages={243--270},
  year={2013},
  publisher={Springer}
}
@article{olshausen2013perception,
  title={Perception as an Inference Problem},
  author={Olshausen, Bruno A},
  journal={The Cognitive Neurosciences},
  pages={295},
  year={2013},
  publisher={MIT Press}
}
@article{karklin1999porbabilistic,
  title={Probabilistic framework for the adaptation and comparison of image codes},
  author={Lewicki, Michael S and Olshausen, Bruno A},
  journal={Journal of the Optical Society of America A},
  volume={16},
  number={7},
  pages={1587-1601},
  year={1999},
}
@article{lewicki1999probabilistic,
  title={Probabilistic framework for the adaptation and comparison of image codes},
  author={Lewicki, Michael S and Olshausen, Bruno A},
  journal={JOSA A},
  volume={16},
  number={7},
  pages={1587--1601},
  year={1999},
  publisher={Optical Society of America}
}
@article{simoncelli2001natural,
  title={Natural image statistics and neural representation},
  author={Simoncelli, Eero P and Olshausen, Bruno A},
  journal={Annual review of neuroscience},
  volume={24},
  number={1},
  pages={1193--1216},
  year={2001},
  publisher={Annual Reviews 4139 El Camino Way, PO Box 10139, Palo Alto, CA 94303-0139, USA}
}
@inproceedings{cadieu2008learning,
  title={Learning transformational invariants from natural movies},
  author={Cadieu, Charles and Olshausen, Bruno A},
  booktitle={Advances in neural information processing systems},
  pages={209--216},
  year={2008}
}
@article{rozell2008sparse,
   title={Sparse coding via thresholding and local competition in neural circuits},
   author={Rozell, Christopher J and Johnson, Don H and Baraniuk, Richard G and Olshausen, Bruno A},
   journal={Neural computation},
   volume={20},
   number={10},
   pages={2526--2563},
   year={2008},
   publisher={MIT Press}
}
@inproceedings{garrigues2010group,
  title={Group sparse coding with a laplacian scale mixture prior},
  author={Garrigues, Pierre and Olshausen, Bruno A},
  booktitle={Advances in neural information processing systems},
  pages={676--684},
  year={2010}
}
@inproceedings{koster2013modeling,
  title={Modeling neural population data},
  author={K{\"o}ster, Ulli and Olshausen, Bruno and Gray, Charles},
  booktitle={Signals, Systems and Computers, 2013 Asilomar Conference on},
  pages={358--361},
  year={2013},
  organization={IEEE}
}
@article{koster2014modeling,
  title={Modeling higher-order correlations within cortical microcolumns},
  author={K{\"o}ster, Urs and Sohl-Dickstein, Jascha and Gray, Charles M and Olshausen, Bruno A},
  year={2014}
}
@article{marr1982vision,
  title={Vision: A computational investigation into the human representation and processing of visual information},
  author={Marr, David},
  journal={Henry Holt and Co Inc., New York, NY},
  volume={2},
  number={4.2},
  year={1982}
}
@article{bell1997independent,
   title={The “independent components” of natural scenes are edge filters},
   author={Bell, Anthony J and Sejnowski, Terrence J},
   journal={Vision research},
   volume={37},
   number={23},
   pages={3327--3338},
   year={1997},
   publisher={Elsevier}
}
@techreport{mairal2007learning,
   title={Learning multiscale sparse representations for image and video restoration},
   author={Mairal, Julien and Sapiro, Guillermo and Elad, Michael},
   year={2007},
   institution={DTIC Document}
}
@inproceedings{grosse2007shift,
   title={Shift-Invariance Sparse Coding for Audio Classification},
   author={Grosse, Roger and Raina, Rajat and Kwong, Helen and Ng, Andrew Y},
   booktitle={The Twenty-Third Conference on Uncertainty in Artificial Intelligence (UAI)},
   year={2007}
} 
@article{bruckstein2009sparse,
   title={From sparse solutions of systems of equations to sparse modeling of signals and images},
   author={Bruckstein, Alfred M and Donoho, David L and Elad, Michael},
   journal={SIAM review},
   volume={51},
   number={1},
   pages={34--81},
   year={2009},
   publisher={SIAM}
}
@article{lewicki2000learning,
   title={Learning overcomplete representations},
   author={Lewicki, Michael S and Sejnowski, Terrence J},
   journal={Neural computation},
   volume={12},
   number={2},
   pages={337--365},
   year={2000},
   publisher={MIT Press}
}
@article{aharon2006ksvd,
   title={K-SVD: An Algorithm for Designing Overcomplete Dictionaries for Sparse Reconstruction},
   author={Aharon, Michal and Elad, Michael and Bruckstein, Alfred},
   journal={Signal Processing, IEEE Transactions on},
   volume={54},
   number={11},
   pages={4311--4322},
   year={2006},
   publisher={IEEE}
}
@article{smith2006efficient,
   title={Efficient auditory coding},
   author={Smith, Evan C and Lewicki, Michael S},
   journal={Nature},
   volume={439},
   number={7079},
   pages={978--982},
   year={2006},
   publisher={Nature Publishing Group}
}
@article{wright2010sparse,
   title={Sparse representation for computer vision and pattern recognition},
   author={Wright, John and Ma, Yi and Mairal, Julien and Sapiro, Guillermo and Huang, Thomas S and Yan, Shuicheng},
   journal={Proceedings of the IEEE},
   volume={98},
   number={6},
   pages={1031--1044},
   year={2010},
   publisher={IEEE}
}
@article{serre2007robust,
   title = {Robust Object Recognition with Cortex-Like Mechanisms},
   author = {T Serre and L Wolf and S Bileschi and M Risenhuber and T Poggio},
   journal = {IEEE Trans Pattern Anal Mach Intell},
   pages = {411-426},
   series = {3},
   volume = {29},
   year = {2007},
}
@misc{PV,
   title = {PetaVision},
   url = {http://petavision.github.io/}
}
@inproceedings{zeiler2011adaptive,
   title={Adaptive deconvolutional networks for mid and high level feature learning},
   author={Zeiler, Matthew D and Taylor, Graham W and Fergus, Rob},
   booktitle={Computer Vision (ICCV), 2011 IEEE International Conference on},
   pages={2018--2025},
   year={2011},
   organization={IEEE}
}
@inproceedings{kavukcuoglu2010learning,
   title={Learning convolutional feature hierarchies for visual recognition},
   author={Kavukcuoglu, Koray and Sermanet, Pierre and Boureau, Y-Lan and Gregor, Karol and Mathieu, Micha{\"e}l and Cun, Yann L},
   booktitle={Advances in neural information processing systems},
   pages={1090--1098},
   year={2010}
}
@inproceedings{krizhevsky2012imagenet,
   title={Imagenet classification with deep convolutional neural networks},
   author={Krizhevsky, Alex and Sutskever, Ilya and Hinton, Geoff},
   booktitle={Advances in Neural Information Processing Systems 25},
   pages={1106--1114},
   year={2012}
}
@article{le2013building,
  title={Building High-level Features Using Large Scale Unsupervised Learning},
  author={Le, Quoc V and Monga, Rajat and Devin, Matthieu and Chen, Kai and Corrado, Greg S and Dean, Jeff and Ng, Andrew Y},
  booktitle={Acoustics, Speech and Signal Processing (ICASSP), 2013 IEEE International Conference on},
  pages={8595--8598},
  year={2013},
  organization={IEEE}
}
@article{lee2011unsupervised,
   title={Unsupervised learning of hierarchical representations with convolutional deep belief networks},
   author={Lee, Honglak and Grosse, Roger and Ranganath, Rajesh and Ng, Andrew Y},
   journal={Communications of the ACM},
   volume={54},
   number={10},
   pages={95--103},
   year={2011},
   publisher={ACM}
}
@article{hinton2006fast,
   title={A fast learning algorithm for deep belief nets},
   author={Hinton, Geoffrey E and Osindero, Simon and Teh, Yee-Whye},
   journal={Neural computation},
   volume={18},
   number={7},
   pages={1527--1554},
   year={2006},
   publisher={MIT Press}
}
@article{hopfield1982neural,
  title={Neural networks and physical systems with emergent collective computational abilities},
  author={Hopfield, John J},
  journal={Proceedings of the national academy of sciences},
  volume={79},
  number={8},
  pages={2554--2558},
  year={1982},
  publisher={National Acad Sciences}
}
@article{haslinger2012context,
  title={Context matters: the illusive simplicity of macaque V1 receptive fields},
  author={Haslinger, Robert and Pipa, Gordon and Lima, Bruss and Singer, Wolf and Brown, Emery N and Neuenschwander, Sergio},
  year={2012}
}
@article{zhu2015modeling,
  title={Modeling inhibitory interneurons in efficient sensory coding models},
  author={Zhu, Mengchen and Rozell, Christopher J},
  journal={PLoS computational biology},
  volume={11},
  number={7},
  pages={e1004353},
  year={2015},
  publisher={Public Library of Science}
}
@article{zhu2015sparse,
  title={Sparse coding models of neural response in the primary visual cortex},
  author={Zhu, Mengchen},
  year={2015},
  publisher={Georgia Institute of Technology}
}
@article{rao1999predictive,
  title={Predictive coding in the visual cortex: a functional interpretation of some extra-classical receptive-field effects},
  author={Rao, Rajesh PN and Ballard, Dana H},
  journal={Nature neuroscience},
  volume={2},
  number={1},
  pages={79--87},
  year={1999},
  publisher={Nature Publishing Group}
}
@article{schultz2014replicating,
  title={Replicating kernels with a short stride allows sparse reconstructions with fewer independent kernels},
  author={Schultz, Peter F and Paiton, Dylan M and Lu, Wei and Kenyon, Garrett T},
  journal={arXiv preprint arXiv:1406.4205},
  year={2014}
}
@article{hyvarinen2003bubbles,
  title={Bubbles: a unifying framework for low-level statistical properties of natural image sequences},
  author={Hyv{\"a}rinen, Aapo and Hurri, Jarmo and V{\"a}yrynen, Jaakko},
  journal={JOSA A},
  volume={20},
  number={7},
  pages={1237--1252},
  year={2003},
  publisher={Optical Society of America}
}
@article{haterenhansruderman1998independent,
  title={Independent component analysis of natural image sequences yields spatio-temporal filters similar to simple cells in primary visual cortex},
  author={van Hateren, J Hans and Ruderman, Dan L},
  journal={Proceedings of the Royal Society of London B: Biological Sciences},
  volume={265},
  number={1412},
  pages={2315--2320},
  year={1998},
  publisher={The Royal Society}
}
@article{van1995information,
  title={Information processing strategies and pathways in the primate visual system},
  author={Van Essen, David C and Anderson, Charles H},
  journal={An introduction to neural and electronic networks},
  volume={2},
  pages={45--76},
  year={1995},
  publisher={Academic Press New York}
}
@inproceedings{field1989statistics,
  title={What the statistics of natural images tell us about visual coding},
  author={Field, David J},
  booktitle={Human Vision, Visual Processing, and Digital Display},
  volume={1077},
  pages={269--277},
  year={1989},
  organization={International Society for Optics and Photonics}
}
@article{field1999wavelets,
  title={Wavelets, vision and the statistics of natural scenes},
  author={Field, David J},
  journal={Philosophical Transactions of the Royal Society of London. Series A: Mathematical, Physical and Engineering Sciences},
  volume={357},
  number={1760},
  pages={2527--2542},
  year={1999},
  publisher={The Royal Society}
}
@article{field1994goal,
  title={What is the goal of sensory coding?},
  author={Field, David J},
  journal={Neural computation},
  volume={6},
  number={4},
  pages={559--601},
  year={1994},
  publisher={MIT Press}
}
@article{haterenhansschaaf1998independent,
  title={Independent component filters of natural images compared with simple cells in primary visual cortex},
  author={van Hateren, J Hans and van der Schaaf, Arjen},
  journal={Proceedings of the Royal Society of London B: Biological Sciences},
  volume={265},
  number={1394},
  pages={359--366},
  year={1998},
  publisher={The Royal Society}
}
@article{zylberberg2011sparse,
  title={A sparse coding model with synaptically local plasticity and spiking neurons can account for the diverse shapes of V1 simple cell receptive fields},
  author={Zylberberg, Joel and Murphy, Jason Timothy and DeWeese, Michael Robert},
  journal={PLoS Computational Biology},
  volume={7},
  number={10},
  pages={e1002250},
  year={2011}
}
@article{zhu2013visual,
  title={Visual nonclassical receptive field effects emerge from sparse coding in a dynamical system},
  author={Zhu, Mengchen and Rozell, Christopher J},
  journal={PLoS Computational Biology},
  volume={9},
  number={8},
  pages={e1003191},
  year={2013},
  publisher={Public Library of Science}
}
@inproceedings{dean2009recursive,
  title={Recursive sparse, spatiotemporal coding},
  author={Dean, Thomas and Washington, Rich and Corrado, Greg},
  booktitle={Multimedia, 2009. ISM'09. 11th IEEE International Symposium on},
  pages={645--650},
  year={2009},
  organization={IEEE}
}
@inproceedings{charles2011causal,
  title={A causal Locally Competitive Algorithm for the sparse decomposition of audio signals},
  author={Charles, Adam S and Kressner, Abigail and Rozell, Christopher J and others},
  booktitle={Digital Signal Processing Workshop and IEEE Signal Processing Education Workshop (DSP/SPE), 2011 IEEE},
  pages={265--270},
  year={2011},
  organization={IEEE}
}
@inproceedings{paiton2015deconvolutional,
    title={A Deconvolutional Competitive Algorithm for Building Sparse Hierarchical Representations},
    author={Paiton, Dylan M and Lundquist, Sheng Y and Shainin, William B and Zhang, Xinhua and Schultz, Peter F and Kenyon, Garrett T},
    booktitle={In press for the 9th EAI International Conference on Bio-Inspired Information and Communications Technologies},
    year={2015},
    organization={BICT}
}
@article{rehn2007network,
  title={A network that uses few active neurones to code visual input predicts the diverse shapes of cortical receptive fields},
  author={Rehn, Martin and Sommer, Friedrich T},
  journal={Journal of computational neuroscience},
  volume={22},
  number={2},
  pages={135--146},
  year={2007},
  publisher={Springer}
}
@inproceedings{takeuchi2005sharpening,
  title={Sharpening image motion based on the spatio-temporal characteristics of human vision},
  author={Takeuchi, Tatsuto and De Valois, Karen K},
  booktitle={Electronic Imaging 2005},
  pages={83--94},
  year={2005},
  organization={International Society for Optics and Photonics}
}
@article{takeuchi2002motion,
  title={Motion sharpening in moving natural images},
  author={Takeuchi, Tatsuto and De Valois, Karen K},
  journal={Journal of Vision},
  volume={2},
  number={7},
  pages={377--377},
  year={2002},
  publisher={Association for Research in Vision and Ophthalmology}
}
@book{norton2002psychophysical,
  title={The psychophysical measurement of visual function},
  author={Norton, Thomas T and Corliss, David A and Bailey, James E},
  volume={362},
  year={2002},
  publisher={Butterworth-Heinemann Woburn}
}
@inproceedings{barron2012shape,
  title={Shape, albedo, and illumination from a single image of an unknown object},
  author={Barron, Jonathan T and Malik, Jitendra},
  booktitle={2012 IEEE Conference on Computer Vision and Pattern Recognition},
  pages={334--341},
  year={2012},
  organization={IEEE}
}
@inproceedings{mumford1994pattern,
  title={Pattern theory: a unifying perspective},
  author={Mumford, David},
  booktitle={First European congress of mathematics},
  pages={187--224},
  year={1994},
  organization={Springer}
}
@article{hubel1959receptive,
  title={Receptive fields of single neurones in the cat's striate cortex},
  author={Hubel, David H and Wiesel, Torsten N},
  journal={The Journal of physiology},
  volume={148},
  number={3},
  pages={574--591},
  year={1959},
  publisher={Wiley Online Library}
}
@article{barlow1972single,
  title={Single units and sensation: a neuron doctrine for perceptual psychology?},
  author={Barlow, Horace B},
  journal={Perception},
  volume={1},
  number={4},
  pages={371--394},
  year={1972},
  publisher={SAGE Publications Sage UK: London, England}
}
@article{westheimer2008helmholtz,
  title={Was Helmholtz a Bayesian?},
  author={Westheimer, Gerald},
  journal={Perception},
  volume={37},
  number={5},
  pages={642--650},
  year={2008},
  publisher={SAGE Publications Sage UK: London, England}
}
@book{helmholtz1878facts,
  title={The Facts of Perception},
  author={Hermann von Helmholtz},
  book={Selected Writings of Hermann Helmholtz},
  year={1878},
  publisher={Wesleyan University Press}
}
@book{kant1790critique,
  title={The Critique of Judgement},
  author={Immanuel Kant},
  year={1790}
}
@article{adelson2000lightness,
  title={Lightness Perception and Lightness Illusions},
  author={Adelson, Edward H},
  journal={The New Cognitive Neurosciences},
  volume={2},
  publisher={M. Gazzagniga, MIT Press},
  year={2000}
}
@article{papert1966summer,
  title={The summer vision project. Technical Report Memo},
  author={Papert, Seymour},
  year={1966},
  publisher={Massachussets Institute of Technology, AIM-100 Artificial Intelligence Lab},
  url={http://dspace.mit.edu/bitstream/handle/1721.1/6125/AIM-100.pdf}
}
@book{rodieck1998first,
  title={The first steps in seeing},
  author={Rodieck, Robert W},
  volume={1},
  year={1998},
  publisher={Sinauer Associates Sunderland, MA}
}
@article{ernst2002humans,
  title={Humans integrate visual and haptic information in a statistically optimal fashion},
  author={Ernst, Marc O and Banks, Martin S},
  journal={Nature},
  volume={415},
  number={6870},
  pages={429},
  year={2002},
  publisher={Nature Publishing Group}
}
@inproceedings{kapotas2010moving,
  title={Moving object detection in the H. 264 compressed domain},
  author={Kapotas, Spyridon K and Skodras, Athanassios N},
  booktitle={Imaging Systems and Techniques (IST), 2010 IEEE International Conference on},
  pages={325--328},
  year={2010},
  organization={IEEE}
}
@article{porikli2010compressed,
  title={Compressed domain video object segmentation},
  author={Porikli, Fatih and Bashir, Faisal and Sun, Huifang},
  journal={Circuits and Systems for Video Technology, IEEE Transactions on},
  volume={20},
  number={1},
  pages={2--14},
  year={2010},
  publisher={IEEE}
}
@article{shan2005cross,
  title={Cross-Layer Techniques for Adaptive Video Streaming over Wireless Networks.},
  author={Shan, Yufeng},
  journal={EURASIP J. Adv. Sig. Proc.},
  volume={2005},
  number={2},
  pages={220--228},
  year={2005}
}
@article{sullivan2005video,
  title={Video compression-from concepts to the H. 264/AVC standard},
  author={Sullivan, Gary J and Wiegand, Thomas},
  journal={Proceedings of the IEEE},
  volume={93},
  number={1},
  pages={18--31},
  year={2005},
  publisher={IEEE}
}
@article{ohm2012comparison,
  title={Comparison of the coding efficiency of video coding standards—including high efficiency video coding (HEVC)},
  author={Ohm, J-R and Sullivan, Gary J and Schwarz, Holger and Tan, Thiow Keng and Wiegand, Thomas},
  journal={Circuits and Systems for Video Technology, IEEE Transactions on},
  volume={22},
  number={12},
  pages={1669--1684},
  year={2012},
  publisher={IEEE}
}
@article{lee2012perceptual,
  title={Perceptual video compression: A survey},
  author={Lee, Jong-Seok and Ebrahimi, Touradj},
  journal={Selected Topics in Signal Processing, IEEE Journal of},
  volume={6},
  number={6},
  pages={684--697},
  year={2012},
  publisher={Ieee}
}
@article{karklin2005hierarchical,
  title={A hierarchical Bayesian model for learning nonlinear statistical regularities in nonstationary natural signals},
  author={Karklin, Yan and Lewicki, Michael S},
  journal={Neural computation},
  volume={17},
  number={2},
  pages={397--423},
  year={2005},
  publisher={MIT Press}
}
@book{dayan2001theoretical,
    title={Theoretical Neuroscience},
    author={Dayan, Peter, Abbott, Laurence F},
    volume={806},
    year={2001},
    publisher={Cambridge, MA: MIT Press}
}
@article{lee2003hierarchical,
  title={Hierarchical Bayesian inference in the visual cortex},
  author={Lee, Tai Sing and Mumford, David},
  journal={JOSA A},
  volume={20},
  number={7},
  pages={1434--1448},
  year={2003},
  publisher={Optical Society of America}
}
@article{rolfe2013discriminative,
  title={Discriminative recurrent sparse auto-encoders},
  author={Rolfe, Jason Tyler and LeCun, Yann},
  journal={arXiv preprint arXiv:1301.3775},
  year={2013}
}
@article {ringach2002orientation,
  author = {Ringach, Dario L. and Shapley, Robert M. and Hawken, Michael J.},
  title = {Orientation Selectivity in Macaque V1: Diversity and Laminar Dependence},
  volume = {22},
  number = {13},
  pages = {5639--5651},
  year = {2002},
  doi = {10.1523/JNEUROSCI.22-13-05639.2002},
  publisher = {Society for Neuroscience},
  URL = {http://www.jneurosci.org/content/22/13/5639},
  eprint = {http://www.jneurosci.org/content/22/13/5639.full.pdf},
  journal = {Journal of Neuroscience}
}
@article{eichhorn2009natural,
  author={Eichhorn, J and Sinz, F and Bethge, M},
  title={Natural Image Coding in V1: How Much Use is Orientation Selectivity?},
  journal={PLOS Computational Biology},
  year={2009},
  eprint={0810.2872v2},
  eprinttype={arxiv},
  eprintclass={q-bio.NC},
  number={4},
  pages={e1000336},
  month=Oct
}
@article{vanHateren1998independent,
  author={van Hateren, J H and van der Schaaf, A},
  title={Independent Component Filters of Natural Images Compared with Simple Cells in Primary Visual Cortex},
  journal={Proceedings: Biological Sciences},
  year={1998},
  volume={265},
  number={1394},
  pages={359--366},
  month=Mar
}
@article{barlow2001redundancy,
  author={Barlow, H B},
  title={Redundancy reduction revisited},
  journal={Network: computation in neural systems},
  year={2009},
  volume={12},
  number={3},
  pages={241--253}
}
@article{dong1995statistics,
  title={Statistics of natural time-varying images},
  author={Dong, Dawei W and Atick, Joseph J},
  journal={Network: Computation in Neural Systems},
  volume={6},
  number={3},
  pages={345--358},
  year={1995},
  publisher={Taylor \& Francis}
}
@article{atick1992what,
  title={What does the retina know about natural scenes?},
  author={Atick, Joseph J and Redlich, A Norman},
  journal={Neural computation},
  volume={4},
  number={2},
  pages={196--210},
  year={1992},
  publisher={MIT Press}
}
@article{atick1990towards,
  title={Towards a theory of early visual processing},
  author={Atick, Joseph J and Redlich, A Norman},
  journal={Neural Computation},
  volume={2},
  number={3},
  pages={308--320},
  year={1990},
  publisher={MIT Press}
}
@article{ruderman1998statistics,
  title={Statistics of cone responses to natural images: implications for visual coding},
  author={Ruderman, Daniel L and Cronin, Thomas W and Chiao, Chuan-Chin},
  journal={JOSA A},
  volume={15},
  number={8},
  pages={2036--2045},
  year={1998},
  publisher={Optical Society of America}
}
@article{buchsbaum1983trichromacy,
  title={Trichromacy, opponent colours coding and optimum colour information transmission in the retina},
  author={Buchsbaum, Gershon and Gottschalk, Allan},
  journal={Proceedings of the Royal society of London. Series B. Biological sciences},
  volume={220},
  number={1218},
  pages={89--113},
  year={1983},
  publisher={The Royal Society London}
}
@article{golden2016conjectures,
  author={Golden, J R and Vilankar, K P and Wu, M C K and Field, D J},
  title={Conjectures regarding the nonlinear geometry of visual neurons},
  journal={Vision research},
  year={2016},
  volume={120},
  pages={74--92},
  month=Mar
}
@book{cover2012elements,
  title={Elements of information theory},
  author={Cover, T M and Thomas, J A},
  year={2012},
  publisher={John Wiley \& Sons}
}
@article{ferster2000natural,
  author={Ferster, D and Miller, K D},
  title={Neural Mechanisms of Orientation Selectivity in the Visual Cortex},
  journal={Annual review of neuroscience},
  year={2000},
  volume={23},
  number={1},
  pages={441--471}
}
@booklet{barlow1961possible,
  title={Possible Principles Underlying the Transformations of Sensory Messages},
  author={Barlow, Horace B},
  howpublished={The MIT Press},
  year={1961}
}
@article{gardnermedwin2001limits,
  author={Gardner-Medwin, A R and Barlow, Horace B},
  title={The Limits of Counting Accuracy in Distributed Neural Representations},
  journal={Neural Computation},
  year={2001},
  volume={13},
  number={3},
  pages={477--504},
  month=Mar
}
@inproceedings{mcintosh2016deep,
  title={Deep learning models of the retinal response to natural scenes},
  author={McIntosh, Lane and Maheswaranathan, Niru and Nayebi, Aran and Ganguli, Surya and Baccus, Stephen},
  booktitle={Advances in neural information processing systems},
  pages={1369--1377},
  year={2016}
}
@article{burak2010bayesian,
  title={Bayesian model of dynamic image stabilization in the visual system},
  author={Burak, Yoram and Rokni, Uri and Meister, Markus and Sompolinsky, Haim},
  journal={Proceedings of the National Academy of Sciences},
  volume={107},
  number={45},
  pages={19525--19530},
  year={2010},
  publisher={National Acad Sciences}
}
@article{rucci2015unsteady,
  title={The unsteady eye: an information-processing stage, not a bug},
  author={Rucci, Michele and Victor, Jonathan D},
  journal={Trends in neurosciences},
  volume={38},
  number={4},
  pages={195--206},
  year={2015},
  publisher={Elsevier}
}
@article{aytekin2014visual,
  title={The visual input to the retina during natural head-free fixation},
  author={Aytekin, Murat and Victor, Jonathan D and Rucci, Michele},
  journal={Journal of Neuroscience},
  volume={34},
  number={38},
  pages={12701--12715},
  year={2014},
  publisher={Soc Neuroscience}
}
@article{ratnam2017benefits,
  title={Benefits of retinal image motion at the limits of spatial vision},
  author={Ratnam, Kavitha and Domdei, Niklas and Harmening, Wolf M and Roorda, Austin},
  journal={Journal of vision},
  volume={17},
  number={1},
  pages={30--30},
  year={2017},
  publisher={The Association for Research in Vision and Ophthalmology}
}
@article{rucci2007miniature,
  title={Miniature eye movements enhance fine spatial detail},
  author={Rucci, Michele and Iovin, Ramon and Poletti, Martina and Santini, Fabrizio},
  journal={Nature},
  volume={447},
  number={7146},
  pages={852},
  year={2007},
  publisher={Nature Publishing Group}
}
@article{arathorn2013unstable,
  title={How the unstable eye sees a stable and moving world},
  author={Arathorn, David W and Stevenson, Scott B and Yang, Qiang and Tiruveedhula, Pavan and Roorda, Austin},
  journal={Journal of Vision},
  volume={13},
  number={10},
  pages={22--22},
  year={2013},
  publisher={The Association for Research in Vision and Ophthalmology}
}
@article{bridgeman2010brain,
  title={How the brain makes the world appear stable},
  author={Bridgeman, Bruce},
  journal={i-Perception},
  volume={1},
  number={2},
  pages={69--72},
  year={2010},
  publisher={SAGE Publications Sage UK: London, England}
}
@article{murakami1998jitter,
  title={A jitter after-effect reveals motion-based stabilization of vision},
  author={Murakami, Ikuya and Cavanagh, Patrick},
  journal={Nature},
  volume={395},
  number={6704},
  pages={798},
  year={1998},
  publisher={Nature Publishing Group}
}
@article{mostofi2016visual,
  title={Are the visual transients from microsaccades helpful? Measuring the influences of small saccades on contrast sensitivity},
  author={Mostofi, Naghmeh and Boi, Marco and Rucci, Michele},
  journal={Vision research},
  volume={118},
  pages={60--69},
  year={2016},
  publisher={Elsevier}
}
@article{kenyon2004correlated,
  title={Correlated firing improves stimulus discrimination in a retinal model},
  author={Kenyon, Garrett T and Theiler, James and George, John S and Travis, Bryan J and Marshak, David W},
  journal={Neural Computation},
  volume={16},
  number={11},
  pages={2261--2291},
  year={2004},
  publisher={MIT Press}
}
@article{packer1992blurring,
  title={Blurring by fixational eye movements},
  author={Packer, Orin and Williams, David R},
  journal={Vision research},
  volume={32},
  number={10},
  pages={1931--1939},
  year={1992},
  publisher={Elsevier}
}
@article{kowler1979miniature,
  title={Miniature saccades: eye movements that do not count.},
  author={Kowler, Elleen and Steinman, Robert M},
  journal={Vision research},
  volume={19},
  number={1},
  pages={105},
  year={1979}
}
@article{engbert2011integrated,
  title={An integrated model of fixational eye movements and microsaccades},
  author={Engbert, Ralf and Mergenthaler, Konstantin and Sinn, Petra and Pikovsky, Arkady},
  journal={Proceedings of the National Academy of Sciences},
  volume={108},
  number={39},
  pages={E765--E770},
  year={2011},
  publisher={National Acad Sciences}
}
@article{schiller1978functional,
  title={Functional specificity of lateral geniculate nucleus laminae of the rhesus monkey},
  author={Schiller, Peter H and Malpeli, Joseph G},
  journal={Journal of Neurophysiology},
  volume={41},
  number={3},
  pages={788--797},
  year={1978},
  publisher={American Physiological Society Bethesda, MD}
}
@article{guillery2002thalamic,
  title={Thalamic relay functions and their role in corticocortical communication: generalizations from the visual system},
  author={Guillery, RW and Sherman, S Murray},
  journal={Neuron},
  volume={33},
  number={2},
  pages={163--175},
  year={2002},
  publisher={Elsevier}
}
@article{schmielau1977role,
  title={The role of visual cortex for binocular interactions in the cat lateral geniculate nucleus.},
  author={Schmielau, F and Singer, W},
  journal={Brain research},
  year={1977},
  publisher={Elsevier Science}
}
@article{guillery2011branched,
  title={Branched thalamic afferents: what are the messages that they relay to the cortex?},
  author={Guillery, RW and Sherman, S Murray},
  journal={Brain research reviews},
  volume={66},
  number={1-2},
  pages={205--219},
  year={2011},
  publisher={Elsevier}
}
@article{weyand2016multifunctional,
  title={The multifunctional lateral geniculate nucleus},
  author={Weyand, Theodore G},
  journal={Reviews in the Neurosciences},
  volume={27},
  number={2},
  pages={135--157},
  year={2016},
  publisher={De Gruyter}
}
@article{ghodrati2017towards,
  title={Towards building a more complex view of the lateral geniculate nucleus: recent advances in understanding its role},
  author={Ghodrati, Masoud and Khaligh-Razavi, Seyed-Mahdi and Lehky, Sidney R},
  journal={Progress in Neurobiology},
  volume={156},
  pages={214--255},
  year={2017},
  publisher={Elsevier}
}
@article{shan2013efficient,
  title={Efficient visual coding: From retina to V2},
  author={Shan, Honghao and Cottrell, Garrison},
  journal={arXiv preprint arXiv:1312.6077},
  year={2013}
}
@inproceedings{doi2007theory,
  title={A theory of retinal population coding},
  author={Doi, Eizaburo and Lewicki, Michael S},
  booktitle={Advances in neural information processing systems},
  pages={353--360},
  year={2007}
}
@article{lindsey2019unified,
  title={A unified theory of early visual representations from retina to cortex through anatomically constrained deep CNNs},
  author={Lindsey, Jack and Ocko, Samuel A and Ganguli, Surya and Deny, Stephane},
  journal={arXiv preprint arXiv:1901.00945},
  year={2019}
}
@article{gollisch2010eye,
  title={Eye smarter than scientists believed: neural computations in circuits of the retina},
  author={Gollisch, Tim and Meister, Markus},
  journal={Neuron},
  volume={65},
  number={2},
  pages={150--164},
  year={2010},
  publisher={Elsevier}
}
@article{priebe2012mechanisms,
  title={Mechanisms of neuronal computation in mammalian visual cortex},
  author={Priebe, Nicholas J and Ferster, David},
  journal={Neuron},
  volume={75},
  number={2},
  pages={194--208},
  year={2012},
  publisher={Elsevier}
}
@article{series2003silent,
  title={The ``silent'' surround of V1 receptive fields: theory and experiments},
  author={Series, Peggy and Lorenceau, Jean and Fr{\'e}gnac, Yves},
  journal={Journal of physiology-Paris},
  volume={97},
  number={4-6},
  pages={453--474},
  year={2003},
  publisher={Elsevier}
}
@article{zetzsche1999atoms,
  title={The atoms of vision: Cartesian or polar?},
  author={Zetzsche, Christoph and Krieger, Gerhard and Wegmann, Bernhard},
  journal={JOSA A},
  volume={16},
  number={7},
  pages={1554--1565},
  year={1999},
  publisher={Optical Society of America}
}
@article{ahissar2012seeing,
  title={Seeing via miniature eye movements: a dynamic hypothesis for vision},
  author={Ahissar, Ehud and Arieli, Amos},
  journal={Frontiers in Computational Neuroscience},
  volume={6},
  pages={89},
  year={2012},
  publisher={Frontiers}
}
@article{field1987relations,
  title={Relations between the statistics of natural images and the response properties of cortical cells},
  author={Field, David J},
  journal={Journal of the Optical Society of America},
  volume={4},
  number={12},
  pages={2379--2394},
  year={1987},
  publisher={Optical Society of America}
}
@article{rao1997dynamic,
  title={Dynamic model of visual recognition predicts neural response properties in the visual cortex},
  author={Rao, Rajesh PN and Ballard, Dana H},
  journal={Neural computation},
  volume={9},
  number={4},
  pages={721--763},
  year={1997},
  publisher={MIT Press}
}
@inproceedings{tishby2015deep,
  title={Deep learning and the information bottleneck principle},
  author={Tishby, Naftali and Zaslavsky, Noga},
  booktitle={2015 IEEE Information Theory Workshop (ITW)},
  pages={1--5},
  year={2015},
  organization={IEEE}
}
@inproceedings{lewicki1997bayesian,
  title={Bayesian unsupervised learning of higher order structure},
  author={Lewicki, Michael S and Sejnowski, Terrence J},
  booktitle={Advances in neural information processing systems},
  pages={529--535},
  year={1997}
}
@article{davis1997adaptive,
  title={Adaptive greedy approximations},
  author={Davis, Geoff and Mallat, Stephane and Avellaneda, Marco},
  journal={Constructive approximation},
  volume={13},
  number={1},
  pages={57--98},
  year={1997},
  publisher={Springer}
}
@article{rebollo2002optimized,
  title={Optimized orthogonal matching pursuit approach},
  author={Rebollo-Neira, Laura and Lowe, David},
  journal={IEEE Signal Processing Letters},
  volume={9},
  number={4},
  pages={137--140},
  year={2002},
  publisher={IEEE}
}
@article{chen2001atomic,
  title={Atomic decomposition by basis pursuit},
  author={Chen, Scott Shaobing and Donoho, David L and Saunders, Michael A},
  journal={SIAM review},
  volume={43},
  number={1},
  pages={129--159},
  year={2001},
  publisher={SIAM}
}
@article{daubechies2004iterative,
  title={An iterative thresholding algorithm for linear inverse problems with a sparsity constraint},
  author={Daubechies, Ingrid and Defrise, Michel and De Mol, Christine},
  journal={Communications on Pure and Applied Mathematics: A Journal Issued by the Courant Institute of Mathematical Sciences},
  volume={57},
  number={11},
  pages={1413--1457},
  year={2004},
  publisher={Wiley Online Library}
}
@article{beck2009fast,
  title={A fast iterative shrinkage-thresholding algorithm for linear inverse problems},
  author={Beck, Amir and Teboulle, Marc},
  journal={SIAM journal on imaging sciences},
  volume={2},
  number={1},
  pages={183--202},
  year={2009},
  publisher={SIAM}
}
@article{riesenhuber1999hierarchical,
  title={Hierarchical models of object recognition in cortex},
  author={Riesenhuber, Maximilian and Poggio, Tomaso},
  journal={Nature neuroscience},
  volume={2},
  number={11},
  pages={1019},
  year={1999},
  publisher={Nature Publishing Group}
}
@article{zylberberg2013sparse,
  title={Sparse coding models can exhibit decreasing sparseness while learning sparse codes for natural images},
  author={Zylberberg, Joel and DeWeese, Michael Robert},
  journal={PLoS computational biology},
  volume={9},
  number={8},
  pages={e1003182},
  year={2013},
  publisher={Public Library of Science}
}
@article{vinje2000sparse,
  title={Sparse coding and decorrelation in primary visual cortex during natural vision},
  author={Vinje, William E and Gallant, Jack L},
  journal={Science},
  volume={287},
  number={5456},
  pages={1273--1276},
  year={2000},
  publisher={American Association for the Advancement of Science}
}
@article{vinje2002natural,
  title={Natural stimulation of the nonclassical receptive field increases information transmission efficiency in V1},
  author={Vinje, William E and Gallant, Jack L},
  journal={Journal of Neuroscience},
  volume={22},
  number={7},
  pages={2904--2915},
  year={2002},
  publisher={Soc Neuroscience}
}
@techreport{simoncelli1991shiftable,
  title={Shiftable multiscale transforms},
  author={Simoncelli, Eero P and Freeman, William T and Adelson, Edward H and Heeger, David J},
  year={1991},
  institution={MIT and Cambridge department of Electrical Engineering}
}
@inproceedings{le2011ica,
  title={ICA with reconstruction cost for efficient overcomplete feature learning},
  author={Le, Quoc V and Karpenko, Alexandre and Ngiam, Jiquan and Ng, Andrew Y},
  booktitle={Advances in neural information processing systems},
  pages={1017--1025},
  year={2011}
}
@article{livezey2016degeneracy,
  title={On degeneracy control in overcomplete ICA},
  author={Livezey, Jesse A and Bujan, Alejandro F and Sommer, Friedrich T},
  journal={arXiv preprint arXiv:1606.03474},
  year={2016}
}
@article{rieke1995naturalistic,
  title={Naturalistic stimuli increase the rate and efficiency of information transmission by primary auditory afferents},
  author={Rieke, F and Bodnar, DA and Bialek, W},
  journal={Proceedings of the Royal Society of London. Series B: Biological Sciences},
  volume={262},
  number={1365},
  pages={259--265},
  year={1995},
  publisher={The Royal Society London}
}
@article{le2011building,
  title={Building high-level features using large scale unsupervised learning},
  author={Le, Quoc V and Ranzato, Marc'Aurelio and Monga, Rajat and Devin, Matthieu and Chen, Kai and Corrado, Greg S and Dean, Jeff and Ng, Andrew Y},
  journal={arXiv preprint arXiv:1112.6209},
  year={2011}
}
@inproceedings{ngiam2010tiled,
  title={Tiled convolutional neural networks},
  author={Ngiam, Jiquan and Chen, Zhenghao and Chia, Daniel and Koh, Pang W and Le, Quoc V and Ng, Andrew Y},
  booktitle={Advances in neural information processing systems},
  pages={1279--1287},
  year={2010}
}
@book{goodfellow2016deep,
  title={Deep learning},
  author={Goodfellow, Ian and Bengio, Yoshua and Courville, Aaron},
  year={2016},
  publisher={MIT press}
}
@inproceedings{zeiler2010deconvolutional,
  title={Deconvolutional networks.},
  author={Zeiler, Matthew D and Krishnan, Dilip and Taylor, Graham W and Fergus, Robert},
  booktitle={Cvpr},
  volume={10},
  pages={7},
  year={2010}
}
@unpublished{paiton2013deep,
  title={Deep, Locally Competitive, Neurally Inspired Algorithms for Generating Sparse Representations from Video and Text},
  author={Paiton, Dylan M and Brumby, Steven P and Kunde, Gerd and Schultz, Pete and Lundquist, Sheng and Patel, Keni and Kenyon, Garrett T},
  year={2013},
  note={Work was done in collaboration with the DARPA Innovation House}
}
@inproceedings{lundquist2016sparse,
  title={Sparse encoding of binocular images for depth inference},
  author={Lundquist, Sheng Y and Paiton, Dylan M and Schultz, Peter F and Kenyon, Garrett T},
  booktitle={2016 IEEE Southwest Symposium on Image Analysis and Interpretation (SSIAI)},
  pages={121--124},
  year={2016},
  organization={IEEE}
}
@article{switkes1978spatial,
  title={Spatial frequency analysis of the visual environment: Anisotropy and the carpentered environment hypothesis},
  author={Switkes, Eugene and Mayer, Melanie J and Sloan, Jeffrey A},
  journal={Vision research},
  volume={18},
  number={10},
  pages={1393--1399},
  year={1978},
  publisher={Elsevier}
}
@article{torralba2003statistics,
  title={Statistics of natural image categories},
  author={Torralba, Antonio and Oliva, Aude},
  journal={Network: computation in neural systems},
  volume={14},
  number={3},
  pages={391--412},
  year={2003},
  publisher={Taylor \& Francis}
}
@unpublished{shainin2016sampling,
  title={Sampling l0 Sparse Codes for Task-Optimal Representations},
  author={Shainin, William B and Paiton, Dylan M, and Kenyon, Garrett T},
  year={2016},
  note={Presented at the Neurally Inspired Computational Elements workshop in Berkeley, California}
}
@inproceedings{hoyer2003interpreting,
  title={Interpreting neural response variability as Monte Carlo sampling of the posterior},
  author={Hoyer, Patrik O and Hyv{\"a}rinen, Aapo},
  booktitle={Advances in neural information processing systems},
  pages={293--300},
  year={2003}
}
@techreport{krizhevsky2009learning,
  title={Learning multiple layers of features from tiny images},
  author={Krizhevsky, Alex and Hinton, Geoffrey},
  year={2009},
  institution={University of Toronto}
}
@article{attneave1954some,
  title={Some informational aspects of visual perception.},
  author={Attneave, Fred},
  journal={Psychological review},
  volume={61},
  number={3},
  pages={183},
  year={1954},
  publisher={American Psychological Association}
}
@book{hyvarinen2009natural,
  title={Natural image statistics: A probabilistic approach to early computational vision.},
  author={Hyv{\"a}rinen, Aapo and Hurri, Jarmo and Hoyer, Patrick O},
  volume={39},
  year={2009},
  publisher={Springer Science \& Business Media}
}
@article{kersten2004object,
  title={Object perception as Bayesian inference},
  author={Kersten, Daniel and Mamassian, Pascal and Yuille, Alan},
  journal={Annual Review of Psychology},
  volume={55},
  pages={271--304},
  year={2004},
  publisher={Annual Reviews}
}
@inproceedings{baldi2012autoencoders,
  title={Autoencoders, unsupervised learning, and deep architectures},
  author={Baldi, Pierre},
  booktitle={ICML workshop on unsupervised and transfer learning},
  volume={1},
  pages={37--49},
  year={2012}
}
@article{bengio2012unsupervised,
  titile={Unsupervised feature learning and deep learning: A review and new perspectives},
  author={Bengio, Yoshua and Courville, Aaron C. and Vincent, Pascal},
  journal={arXiv Computing Research Repository arXiv:1206.5538},
  year={2012}
}
@misc{lecun1998mnist,
  title={The MNIST database of handwritten digits},
  author={LeCun, Yann},
  year={1998},
  url={http://yann.lecun.com/exdb/mnist/}
}
@inproceedings{lecun1998gradient,
  title={Gradient-based learning applied to document recognition},
  author={LeCun, Yann and Bottou, L\'eon and Bengio, Yoshua and Haffner, Patrick},
  year={1998},
  booktitle={IEEE},
  volume={86},
  number={11},
  pages={2278-2324}
}
@article{lecun1989backpropagation,
  title={Backpropagation applied to handwritten zip code recognition},
  author={LeCun, Yann, Bernhard Boser, John S. Denker, Donnie Henderson, Richard E. Howard, Wayne Hubbard, and Lawrence D. Jackel},
  journal={Neural Computation},
  volume={1},
  number={4},
  year={1989},
  pages={541-551}
}
@inproceedings{rasmus2015semi,
  title={Semi-supervised learning with ladder networks},
  author={Rasmus, Antti and Berglund, Mathias and Honkala, Mikko and Valpola, Harri  and Raiko, Tapani},
  booktitle={Advances in neural information processing systems},
  pages={3546--3554},
  year={2015}
}
@article{karklin2003learning,
  author={Karklin, Yan, and Lewicki, Michael S},
  title={Learning higher-order structures in natural images},
  journal={Network: computation in neural systems},
  year={2003},
  volume={14},
  number={3},
  pages={483--499}
}
@inproceedings{chen2018sparse,
   title={The Sparse Manifold Transform},
   author={Chen, Yubei and Paiton, Dylan M and Olshausen, Bruno A},
   booktitle={Advances in Neural Information Processing Systems},
   pages={10513--10524},
   year={2012}
}
@article{hyvarinen2000emergence,
  title={Emergence of phase-and shift-invariant features by decomposition of natural images into independent feature subspaces},
  author={Hyv{\"a}rinen, Aapo and Hoyer, Patrik},
  journal={Neural computation},
  volume={12},
  number={7},
  pages={1705--1720},
  year={2000},
  publisher={MIT Press}
}
@article{lewicki2000learning,
  title={Learning overcomplete representations},
  author={Lewicki, Michael S and Sejnowski, Terrence J},
  journal={Neural computation},
  volume={12},
  number={2},
  pages={337--365},
  year={2000},
  publisher={MIT Press}
}